@inproceedings{palella2016sensor,
  title={Sensor fusion for land vehicle slope estimation},
  author={Palella, N and Colombo, L and Pisoni, F and Avellone, G and Philippe, J},
  booktitle={2016 DGON Intertial Sensors and Systems (ISS)},
  pages={1--20},
  year={2016},
  organization={IEEE}
}

@ARTICLE{8103753,
  author={Jauch, Jens and Masino, Johannes and Staiger, Tim and Gauterin, Frank},
  journal={IEEE Sensors Journal}, 
  title={Road Grade Estimation With Vehicle-Based Inertial Measurement Unit and Orientation Filter}, 
  year={2018},
  volume={18},
  number={2},
  pages={781-789},
  doi={10.1109/JSEN.2017.2772305}}
  
@misc{patent,
 title={Estimation of road inclination},
 author={M. Nilsson and E. Öhlund},
 year={U.S. Patent 9 200 898, Dec. 2015}
 }
  
@INPROCEEDINGS{7995971,
  author={Banzhaf, Holger and Nienhüser, Dennis and Knoop, Steffen and Zöllner, J. Marius},
  booktitle={2017 IEEE Intelligent Vehicles Symposium (IV)}, 
  title={The future of parking: A survey on automated valet parking with an outlook on high density parking}, 
  year={2017},
  volume={},
  number={},
  pages={1827-1834},
  doi={10.1109/IVS.2017.7995971}}
  
@ONLINE {accident,
    title     = "A sudden bang when parking",
    author = "Allianz SE",
    year      = "2015",
    note  = {\url{https://www.allianz.com/en/press/}, 
             Last accessed on 2021-06-01},
}

@INPROCEEDINGS{6418880,
  author={Li, Binghao and Gallagher, Thomas and Dempster, Andrew G and Rizos, Chris},
  booktitle={2012 International Conference on Indoor Positioning and Indoor Navigation (IPIN)}, 
  title={How feasible is the use of magnetic field alone for indoor positioning?}, 
  year={2012},
  volume={},
  number={},
  pages={1-9},
  doi={10.1109/IPIN.2012.6418880}}